2902 4674
414 343 417 353 ·
505 314 570 377 aar
616 313 924 382 sermonum
968 319 1311 394 eonrcmrnat
1431 359 1433 410 ÷

446 465 457 496 q
561 408 711 482 Interim
725 406 838 490 nolim
864 429 912 482 ex
935 403 999 482 hae
1016 428 1115 507 parte
1129 413 1221 490 adeo
1235 416 1358 492 vere-¹

453 533 509 586 res
526 517 730 608 increpare.
747 512 881 608 Neque
895 515 990 589 enim
1004 515 1227 610 problemata
1240 521 1357 596 linea-

453 622 504 692 ria
534 626 584 691 ita
610 615 876 704 ilexcoluere,
899 618 1199 715 quemadmodum
1228 625 1354 721 plana,

452 722 489 798 &
504 719 613 792 solida
628 771 638 792 .
655 719 764 794 Unde
779 763 791 800 ‚
806 720 943 796 tametsr
970 729 1021 796 eis
1036 729 1242 802 innotuerit
1255 785 1276 820 „
1287 730 1356 804 dae

449 832 480 900 ri
495 823 718 920 problemata
741 825 901 923 quaedam
917 849 1023 924 ,que
1051 835 1236 926 necplma
1250 878 1262 915 ‚
1278 857 1351 910 nee

450 928 561 1002 lolirla
573 925 683 1002 allent
699 955 711 1014 3
727 929 948 1023 multiplicer
963 947 1081 1006 tamen
1096 956 1159 1020 ,ac
1174 957 1267 1030 pene
1290 943 1355 1012 iu·

450 1029 710 1108 finitaeeorum
738 1034 1001 1130 problematum
1027 1033 1248 1112 differentias
1275 1048 1350 1116 mi·
1432 1071 1433 1118 r

451 1140 544 1212 nime
560 1139 872 1236 noruntaquippe
898 1161 979 1235 que
1009 1162 1084 1212 non
1110 1144 1212 1217 aliter
1242 1141 1349 1224 fiunt

447 1246 629 1339 cognitae,
643 1265 684 1314 ac
698 1244 895 1336 exploratae
911 1267 1044 1342 ‚quam
1059 1242 1121 1320 ubi
1135 1249 1283 1343 aliquot
1297 1275 1353 1328 ex

445 1344 491 1418 iis
506 1343 789 1440 problematibus
803 1346 846 1420 ad
862 1369 1012 1422 examen
1035 1367 1266 1428 revocantur.

520 1491 524 1498 ·
551 1449 720 1521 Notatur
745 1467 867 1524 autem
882 1452 952 1524 hoc
978 1451 1064 1526 loco
1089 1454 1347 1554 velim‚quod

447 1551 551 1630 ircuti
568 1550 828 1648 problematum
852 1561 1157 1652 geometricorum
1185 1564 1254 1632 tria
1279 1585 1350 1662 ge.

445 1678 532 1730 uera
547 1655 1001 1756 Veteresdistinguebantr
1019 1659 1065 1736 fic
1082 1661 1190 1742 lineas
1206 1687 1350 1748 omnes,

446 1761 584 1858 quibus
600 1760 859 1855 problematum
873 1762 969 1836 fiunt
984 1762 1289 1851 construetiones,
1301 1770 1347 1843 ad
1431 1867 1433 1876 y

448 1881 523 1940 tres
537 1863 656 1942 clall'es
674 1868 806 1962 pariter
821 1866 1058 1942 revocabant.
1075 1866 1191 1946 Prima
1207 1882 1345 1952 etenim

447 1985 523 2043 erat
540 1968 703 2057 illarum,
719 1993 883 2068 perquer
912 1971 1013 2066 plana
1036 1973 1259 2070 problemata
1271 1981 1345 2053 iol.
1431 2037 1433 2098 r

446 2088 591 2148 vuntur
605 2096 747 2170 reaque
762 2073 901 2148 nonnisr
917 2071 1059 2162 retiam,
1074 2102 1115 2152 ae
1130 2084 1258 2172 circuli
1274 2091 1349 2159 cir·
1431 2099 1433 2186 l

446 2176 716 2251 cumferentinm
746 2179 1340 2284 continebar.Secundacomple·
1399 2279 1401 2286 ι
1432 2265 1433 2274 ¹

366 2313 377 2340 2
446 2276 611 2352 uebatur
624 2281 709 2352 coni
722 2278 921 2365 nationes.
937 2307 1026 2382 quaa
1039 2287 1084 2360 ad
1101 2286 1347 2368 construetio-

444 2401 526 2454 nem
566 2381 826 2474 problematum
868 2388 1065 2477 solidorum
1103 2410 1257 2488 ¹oportet
1296 2397 1346 2471 al·

445 2481 606 2558 sumere.
621 2487 666 2560 Et
684 2489 789 2560 tertia
802 2489 946 2566 demum
971 2517 1093 2568 omnes
1116 2499 1201 2584 alias
1228 2501 1342 2578 lineas

444 2589 1344 2698 magiscomposrtascomprelrendebat.quaicon·

444 2686 636 2778 lir'ublioni
652 2695 912 2791 problematum
925 2701 1111 2778 linearium
1127 2704 1342 2784 inserviunt.

409 2809 411 2816 ⁴
549 2795 787 2875 Revocabant
802 2826 911 2898 porro
927 2802 970 2877 ad
989 2817 1132 2884 tertiam
1146 2811 1239 2888 barro
1253 2813 1342 2890 elasa

443 2897 630 2986 sammon
644 2905 756 2978 modo
768 2928 891 2982 omnes
904 2909 991 2983 alias
1005 2910 1116 2986 lineas
1144 2919 1343 3010 geometri.

341 3081 343 3086 s
409 3089 413 3094 ,
442 3027 501 3078 eas
517 3057 531 3092 ,
546 3021 589 3078 ut
604 3007 787 3085 cilloidem
801 3009 970 3100 Dioclis,
1000 3019 1241 3094 concboidem
1253 3025 1255 3034 “
1268 3024 1306 3098 N
1311 3028 1340 3106 ia,

440 3109 602 3198 pomeriis
616 3129 629 3186 3
645 3116 892 3204 verumetiam
905 3120 1016 3192 lineas
1031 3124 1252 3202 mechanicas
1266 3180 1280 3214 ,
1295 3144 1340 3203 ut

441 3212 701 3307 quadratricem
716 3215 918 3292 Dinostrati
932 3264 946 3303 ‚
960 3221 1119 3318 spiralem
1147 3229 1339 3306 Archime-

317 3370 331 3384 .
441 3317 517 3388 dia.
533 3321 615 3421 Qua
631 3319 668 3390 in
696 3344 733 3393 re
758 3345 825 3407 nec
851 3325 959 3408 etiam
984 3328 1073 3400 arleo
1101 3329 1127 3400 ii
1142 3333 1251 3408 velim
1281 3358 1337 3409 ar.

442 3439 626 3516 guantur.
641 3423 761 3508 Nam,
779 3424 883 3502 beuti
898 3474 909 3512 ‚
924 3429 973 3502 ob
1000 3431 1218 3510 differentias
1251 3463 1339 3536 pro·

441 3524 635 3600 blematurn
647 3527 855 3618 linearium,
871 3555 946 3606 non
959 3535 1076 3610 adhuc
1102 3539 1341 3637 eirexplora·

445 3644 502 3702 tas
516 3684 527 3716 ,
542 3652 658 3704 unum
669 3656 796 3708 eorum
817 3659 933 3736 genua
958 3638 1227 3719 constituebant
1244 3670 1258 3726 3
1289 3647 1339 3726 irc

442 3735 594 3808 omnino
621 3737 752 3814 necelie
781 3763 877 3820 erat.
906 3761 950 3819 ut
973 3747 1010 3816 in
1039 3769 1110 3820 una
1137 3749 1340 3850 eademque

439 3835 544 3941 alaiie
566 3859 812 3938 reponerent,
842 3861 914 3948 tam
944 3848 1056 3952 lineae
1081 3859 1339 3950 geometricas,

410 3983 414 3994 ·
1206 3981 1289 4058 ‘1¹¹⁸
